<record><leader>00000cas a22000007a 4500</leader><controlfield tag="001">22589381</controlfield><controlfield tag="008">901026d19761976mduwr ne      0    0eng d</controlfield><datafield ind1=" " ind2=" " tag="010"><subfield code="a">sn 90057323 </subfield></datafield><datafield ind1=" " ind2=" " tag="040"><subfield code="a">MFN</subfield><subfield code="b">eng</subfield><subfield code="c">MFN</subfield><subfield code="d">OCLCQ</subfield></datafield><datafield ind1=" " ind2=" " tag="042"><subfield code="a">msc</subfield></datafield><datafield ind1="0" ind2="4" tag="245"><subfield code="a">The eastern shore journal.</subfield></datafield><datafield ind1=" " ind2=" " tag="260"><subfield code="a">Easton, Md. :</subfield><subfield code="b">Joseph Goldstein</subfield></datafield><datafield ind1=" " ind2=" " tag="300"><subfield code="a">v.</subfield></datafield><datafield ind1=" " ind2=" " tag="310"><subfield code="a">Weekly</subfield></datafield><datafield ind1="0" ind2=" " tag="362"><subfield code="a">Vol. 1, no. 1 (Jan. 8 1976)-v. 1, no. 6 (Feb. 11, 1976) ; Feb. 19, 1976.</subfield></datafield><datafield ind1=" " ind2=" " tag="580"><subfield code="a">Issued with The Caroline County journal, Feb. 19, 1976.</subfield></datafield><datafield ind1=" " ind2=" " tag="752"><subfield code="a">United States</subfield><subfield code="b">Maryland</subfield><subfield code="c">Talbot</subfield><subfield code="d">Easton.</subfield></datafield><datafield ind1="1" ind2=" " tag="777"><subfield code="t">Caroline County journal</subfield><subfield code="w">(DLC)sn 90057009</subfield></datafield></record>